<record><leader>00000cas a22000007a 4500</leader><controlfield tag="001">16821665</controlfield><controlfield tag="008">871007d19131919pauwr ne      0    0pol d</controlfield><datafield ind1=" " ind2=" " tag="010"><subfield code="a">sn 88079286 </subfield></datafield><datafield ind1=" " ind2=" " tag="040"><subfield code="a">NPH</subfield><subfield code="b">eng</subfield><subfield code="c">NPH</subfield><subfield code="d">OCLCQ</subfield><subfield code="d">PHA</subfield><subfield code="d">OCLCQ</subfield><subfield code="d">OCLCA</subfield><subfield code="d">OCLCF</subfield></datafield><datafield ind1="1" ind2=" " tag="029"><subfield code="a">AU@</subfield><subfield code="b">000025788740</subfield></datafield><datafield ind1=" " ind2=" " tag="042"><subfield code="a">msc</subfield></datafield><datafield ind1=" " ind2=" " tag="043"><subfield code="a">n-us-pa</subfield></datafield><datafield ind1="0" ind2=" " tag="130"><subfield code="a">Republika (Wilkes-Barre, Pa.)</subfield></datafield><datafield ind1="1" ind2="0" tag="245"><subfield code="a">Republika.</subfield></datafield><datafield ind1="1" ind2="3" tag="246"><subfield code="a">Sunday Republika</subfield></datafield><datafield ind1="1" ind2="7" tag="246"><subfield code="a">Republika wydanie niedzielne</subfield></datafield><datafield ind1=" " ind2=" " tag="260"><subfield code="a">Wilkes-Barre, Pa. :</subfield><subfield code="b">Ignace Haduch</subfield></datafield><datafield ind1=" " ind2=" " tag="300"><subfield code="a">v. :</subfield><subfield code="b">ill.</subfield></datafield><datafield ind1=" " ind2=" " tag="310"><subfield code="a">Weekly</subfield></datafield><datafield ind1="1" ind2=" " tag="362"><subfield code="a">Began in 1913?; ceased in 1919?</subfield></datafield><datafield ind1=" " ind2=" " tag="500"><subfield code="a">Published also in Scranton, Pa., &lt;9-go luty, 1919&gt;.</subfield></datafield><datafield ind1=" " ind2=" " tag="515"><subfield code="a">Issue for Feb. 9, 1919 called no. 2.</subfield></datafield><datafield ind1="8" ind2=" " tag="521"><subfield code="a">"Devoted to national, social and political interests of Polish people in United States of America."</subfield></datafield><datafield ind1=" " ind2=" " tag="588"><subfield code="a">Description based on: R. 6, [no. ?] 1 (2-go luty, 1919).</subfield></datafield><datafield ind1=" " ind2="0" tag="650"><subfield code="a">Polish people</subfield><subfield code="z">Pennsylvania</subfield><subfield code="v">Newspapers.</subfield></datafield><datafield ind1=" " ind2="7" tag="655"><subfield code="a">Newspapers.</subfield><subfield code="2">fast</subfield><subfield code="0">(OCoLC)fst01423814</subfield></datafield><datafield ind1=" " ind2="7" tag="650"><subfield code="a">Polish people.</subfield><subfield code="2">fast</subfield><subfield code="0">(OCoLC)fst01715992</subfield></datafield><datafield ind1=" " ind2="7" tag="651"><subfield code="a">Pennsylvania.</subfield><subfield code="2">fast</subfield><subfield code="0">(OCoLC)fst01204598</subfield></datafield><datafield ind1=" " ind2=" " tag="752"><subfield code="a">United States</subfield><subfield code="b">Pennsylvania</subfield><subfield code="c">Luzerne</subfield><subfield code="d">Wilkes-Barre.</subfield></datafield><datafield ind1=" " ind2=" " tag="752"><subfield code="a">United States</subfield><subfield code="b">Pennsylvania</subfield><subfield code="c">Lackawanna</subfield><subfield code="d">Scranton.</subfield></datafield><datafield ind1="0" ind2="7" tag="785"><subfield code="t">Go&#769;rnik Pensylwanski</subfield></datafield><datafield ind1="0" ind2="7" tag="785"><subfield code="t">Republika-go&#769;rnik Pensylwa&#769;nski</subfield></datafield></record>